%% This BibTeX bibliography file was created using BibDesk.
%% http://bibdesk.sourceforge.net/


%% Created for Steppenwolf at 2013-05-06 10:07:21 +0100 


%% Saved with string encoding Unicode (UTF-8) 
@article{holmes2011,
author = "Holmes, Chris and Held, Leonhard",
doi = "10.1214/11-BA613A",
fjournal = "Bayesian Analysis",
journal = "Bayesian Anal.",
month = "06",
number = "2",
pages = "357--358",
publisher = "International Society for Bayesian Analysis",
title = "Response to van der Lans",
url = "http://dx.doi.org/10.1214/11-BA613A",
volume = "6",
year = "2011"
}


@article{palacios2006,
author = {M. B. Palacios and M. F. J. Steel},
title = {Non-{G}aussian {B}ayesian Geostatistical Modeling},
journal = {Journal of the American Statistical Association},
volume = {101},
number = {474},
pages = {604-618},
year = {2006}}


@Article{smith2007,
author="Smith, David L.
and Guerra, Carlos A.
and Snow, Robert W.
and Hay, Simon I.",
title="Standardizing estimates of the \textit{{P}lasmodium falciparum} parasite rate",
journal="Malaria Journal",
year="2007",
volume="6",
number="1",
pages="1--10",
doi="10.1186/1475-2875-6-131",
url="http://dx.doi.org/10.1186/1475-2875-6-131"
}

@article{xie2013,
   author = {Xie, Y.},
   title = {animation: An {R} Package for Creating Animations and Demonstrating Statistical Methods},
   journal = {Journal of Statistical Software},
   volume = {53},
   year = {2013},
   pages = {1--27}}


@article{joe2008,
title = {Accuracy of Laplace Approximation for Discrete Response Mixed Models},
author = {Joe, H.},
year = {2008},
journal = {Computational Statistics \& Data Analysis},
volume = {52},
number = {12},
pages = {5066-5074}
}

@manual{shiny2013, 
  title={Easy web applications in R.}, 
  author={{RStudio, Inc}}, 
  year={2013}, 
  note={\texttt{http://www.rstudio.com/shiny/}}
} 

@article{gneiting2002,
 author = {Gneiting, T.},
 journal = {Journal of the American Statistical Association},
 number = {458},
 pages = {590-600},
 title = {Nonseparable, Stationary Covariance Functions for Space-Time Data},
 volume = {97},
 year = {2002}
}


@article{diggle2016,
author={Diggle, P. J. and Giorgi, E.},
year=2016,
title={Model-based geostatistics for prevalence mapping in low-resource setting (with discussion)},
journal={Journal of the American Statistical Association},
note={DOI: 10.1080/01621459.2015.1123158}
}

@article{kreppel2016,
author={Kreppel, K. S. and Telfer, S. and Rajerison, M. and Morse, A. and Baylis, B.},
title={Effect of temperature and relative humidity on the development times and survival of {S}ynopsyllus fonquerniei and {X}enopsylla cheopis, the flea vectors of plague in {M}adagascar},
year=2016,
journal={Parasites and Vectors},
note={In press.}}

@article{whitfield2015,
author = {Doxsey-Whitfield, E. and MacManus, K. and Adamo, S. B. and Pistolesi, L. and Squires, J. and Borkovska, O. and Baptista, S. R.},
title = {Taking Advantage of the Improved Availability of Census Data: A First Look at the Gridded Population of the World, Version 4},
journal = {Papers in Applied Geography},
volume = {1},
pages = {226-234},
year = {2015}}

@article{stenseth2006,
author = {Stenseth, N. C. and Samia, N. I. and Viljugrein, H. and Kausrud, K. L. and Begon, M. and Davis, S. and Leirs, H. and Dubyanskiy, V. M. and Esper, J. and Ageyev, V. S. and Klassovskiy, N. L. and Pole, S. B. and Chan, K.-S.}, 
title = {Plague dynamics are driven by climate variation},
volume = {103}, 
pages = {13110-13115}, 
year = {2006}, 
doi = {10.1073/pnas.0602447103}, 
journal = {Proceedings of the National Academy of Sciences} 
}

@article{kelsall2002,
 author = {Kelsall, J. and Wakefield, J.},
 journal = {Journal of the American Statistical Association},
 number = {459},
 pages = {692-701},
 title = {Modeling Spatial Variation in Disease Risk: A Geostatistical Approach},
 volume = {97},
 year = {2002}
}


@techreport{amante2009,
	author ={Amante, C. and Eakins, A. C.},
	institution = "National Geophysical Data Center",
	title = "ETOPO1 1 Arc-Minute Global Relief Model: Procedures, Data Sources and Analysis",
	number = " NOAA Technical Memorandum NESDIS NGDC-24",
	month = "April",
	year = "2009"
}

@incollection{neal2011,
    author = {Neal, R. M.},
    year=2011,
    booktitle = {Handbook of {M}arkov Chain {M}onte {C}arlo},
    title = {{MCMC} using {H}amiltonian Dynamics},   
    publisher = {Chapman \& Hall, CRC Press},
    pages = {113-162},
    chapter=5,
    editor = {Steve Brooks and Andrew Gelman and Galin Jones and Xiao-Li Meng}
}

@article{kalnay1996,
author={Kalnay, E. and Kanamitsu, M. and Kistler, R. and  Collins, W. and Deaven, D. and Gandin, L. and Iredell, M. and Saha, S. and White, G. and Woollen, J. and Zhu, Y. and Leetmaa, A. and Reynolds, R. and Chelliah, M. and Ebisuzaki, W. and Higgins, W. and Janowiak, J. and Mo, K. C. and Ropelewski, C. and Wang, J. and Jenne, R. and Joseph, D.},
title={The NCEP/NCAR 40-Year Reanalysis Project},
journal={Bullettin of the American Metereological Society},
year={1996},
volume={77},
pages={437-471}}

@INCOLLECTION{gelman1996,
 author = "Gelman, A. and Roberts, G. O. and Gilks, W. R.",
 title = "Efficient Metropolis jumping rules",
 pages = {599-608},
 EDITOR = "Bernado, J. M. and Berger,  J. O. and Dawid, A. P. and Smith, A. F. M.",
 BOOKTITLE = "Bayesian Statistics",
 volume = {5},
 PUBLISHER = "Cambridge, MA: Oxford University Press",
 year = "1996"
 }
 
@article{benari2011,
    author = {Ben Ari, T. AND Neerinckx, S. AND Gage, K. L. AND Kreppel, K. AND Laudisoit, A. AND Leirs, H. AND Stenseth, N. C.},
    journal = {PLoS Pathogens},
    title = {Plague and Climate: Scales Matter},
    year = {2011},
    volume = {7},
    pages = {e1002160},    
    number = {9},
    note = {DOI:10.1371/journal.ppat.1002160}
}     

@article{brygoo1966,
  author = {Brygoo, E. R.},
  title= {Epidemiologie de la peste \`a {M}adagascar},
  journal={Archives de l'Institut Pasteur de Madagascar},
  volume=35,
  number=1,
  pages={9--147},
  year=1966
}

@article{andri2013,
    author = {Andrianaivoarimanana, V. AND Kreppel, K. AND Elissa, N. AND Duplantier, J. AND Carniel, E. AND Rajerison, M. AND Jambou, R.},
    journal = {PLoS Neglected Tropical Disisease},
    title = {Understanding the Persistence of Plague Foci in {M}adagascar},
    year = {2013},
    month = {11},
    volume = {7},
    pages = {e2382},
    number = {11},
    note = {DOI:10.1371/journal.pntd.0002382}
}   

@article{who2009,
    author = {WHO},
    journal = {Weekly Epidemiological Record},
    title = {Human plague: review of regional morbidity and mortality, 2004â€“2009},
    year = {2009},
    volume = {85},
    pages = {40-45}
}    

@article{diggle2013c,
author = "Diggle, P. J. and Moraga, P. and Rowlingson, B. and Taylor, B. M.",
journal = "Statististical Science",
month = "11",
number = "4",
pages = "542--563",
title = "Spatial and Spatio-Temporal Log-Gaussian Cox Processes: Extending the Geostatistical Paradigm",
volume = "28",
year = "2013"
}


@article{kreppel2014,
    author = {Kreppel, K. S. AND Caminade, C. AND Telfer, S. AND Rajerison, M. AND Rahalison, L. AND Morse, A. AND Baylis, M.},
    journal = {PLoS Neglected Tropical Disisease},
    title = {A Non-Stationary Relationship between Global Climate Phenomena and Human Plague Incidence in {M}adagascar},
    year = {2014},
    month = {10},
    volume = {8},
    pages = {e3155},
    number = {10},
    note = {DOI:10.1371/journal.pntd.0003155}
}      

@article{roberts2009,
author = {Roberts, G. O. and Rosenthal, J. S.},
title = {Examples of Adaptive {MCMC}},
journal = {Journal of Computational and Graphical Statistics},
volume = {18},
number = {2},
pages = {349-367},
year = {2009},
}


@article{li2012,
    author = {Li, Y. AND Brown, P. AND Gesink, D. C. AND Havard, R.},
    journal = {Statistical Methods in Medical Research},
    title = {Log {G}aussian {C}ox processes and spatially aggregated disease incidence data},
    year = {2012},
    volume = {21},
    pages = {479--507},    
    number = {5}}     


@article{stevenson2013,
    author = {Stevenson, , Jennifer C. AND Stresman, , Gillian H. AND Gitonga, , Caroline W. AND Gillig, , Jonathan AND Owaga, , Chrispin AND Marube, , Elizabeth AND Odongo, , Wycliffe AND Okoth, , Albert AND China, , Pauline AND Oriango, , Robin AND Brooker, , Simon J. AND Bousema, , Teun AND Drakeley, , Chris AND Cox, , Jonathan},
    journal = {PLoS ONE},
    publisher = {Public Library of Science},
    title = {Reliability of School Surveys in Estimating Geographic Variation in Malaria Transmission in the {W}estern {K}enyan highlands},
    year = {2013},
    month = {10},
    volume = {8},
    pages = {e77641},
    number = {10},
    doi = {10.1371/journal.pone.0077641}
}       

@article{claridge2012,
	Author = {Claridge, Jen and Diggle, P. J. and McCann, Catherine M. and Mulcahy, Grace and Flynn, Rob and McNair, Jim and Strain, Sam and Welsh, Michael and Baylis, Matthew and Williams, Diana J. L.},
	Day = {22},
	Journal = {Nature Communications},
	M3 = {10.1038/ncomms1840},
	Month = {05},
	Pages = {853},
	Title = {Fasciola hepatica is associated with the failure to detect bovine tuberculosis in dairy cattle},
	doi = {10.1038/ncomms1840},
	Volume = {3},
	Year = {2012}}
	
@article{thomson1999,
author = {Thomson, M C and Connor, S J and D'Alessandro, U and Rowlingson, B and Diggle, P and Cresswell, M and Greenwood, B}, 
title = {Predicting malaria infection in Gambian children from satellite data and bed net use surveys: the importance of spatial correlation in the interpretation of results.},
volume = {61}, 
number = {1}, 
pages = {2-8}, 
year = {1999},  
URL = {http://www.ajtmh.org/content/61/1/2.abstract}, 
eprint = {http://www.ajtmh.org/content/61/1/2.full.pdf+html}, 
journal = {The American Journal of Tropical Medicine and Hygiene} 
}

@article{mullahy1986,
	Author = {Mullahy, J.},
	Journal = {Journal of Econometrics},
	Pages = {341-365},
	Title = {Specification and testing of some modified count data models},
	Volume = {33},
	Year = {1986}}
	   
 @article{clements2006,
   year={2006},
   author={Clements, A.C.A. and Lwambo, N.J.S. and Blair, L. and Nyandindi, U. and Kaatano, G. and Kinung'hi, S. and 
   Webster, J.P. and Fenwick, A. and Brooker, S.},
   title={Bayesian spatial analysis and disease mapping: tools to enhance planning and implementation of a schistosomiasis control programme in Tanzania},
   journal={Tropical Medicine and
 International Health},
   volume={11},
   pages={490-503}}	


@article{agarwal2002,
year={2002},
author={Agarwal, Deepak K. and Gelfand, Alan E. and Citron-Pousty, Steven},
journal={Environmental and Ecological Statistics},
volume={9},
title={Zero-inflated models with application to spatial count data},
pages={341-355}}

@article{amek2011,
title = {Spatio-temporal modeling of sparse geostatistical malaria sporozoite rate data using a zero inflated binomial model},
journal = {Spatial and Spatio-temporal Epidemiology},
volume = {2},
pages = {283-290},
year = {2011},
author = {Nyaguara Amek and Nabie Bayoh and Mary Hamel and Kim A. Lindblade and John Gimnig and Kayla F. Laserson and Laurence Slutsker and Thomas Smith and Penelope Vounatsou},
}

@article{giardina2012,
    author = {Giardina, Federica AND Gosoniu, Laura AND Konate, , Lassana AND Diouf, , Mame Birame AND Perry, Robert AND Gaye, Oumar AND Faye, Ousmane AND Vounatsou, Penelope},
    journal = {PLoS ONE},
    title = {Estimating the Burden of Malaria in {S}enegal: {B}ayesian Zero-Inflated Binomial Geostatistical Modeling of the {MIS} 2008 Data},
    year = {2012},
    volume = {7},
    pages = {e32625},
    number = {3},
    doi = {10.1371/journal.pone.0032625}
}        

@article{cavallini1994,
author={Cavallini, P. and Lovari, S.},
year=1994,
title={Home range, habitat selection and activity of the red fox in a {M}editerranean coastal ecotone},
journal={Acta Theriologica},
volume={39},
pages={279--287}
}
@book{diggle2014,
title={Statistical Analysis of Spatial and Spatio-Temporal Point Patterns},
publisher={CRC/Chapman \& Hall, Boca Raton},
year=2014,
author={Diggle, P. J.}
}

@article{breman1989,
author={Breman, M. and Diggle, P. J.},
title={Estimating Weighted Integrals of the Second-Order Intensity of a Spatial Point Process},
journal={Journal of the Royal Statistical Society, Series B},
volume={51},
pages={81-92},
year={1989}
}

@article{rue2009,
author = {Rue, HÃ¥vard and Martino, Sara and Chopin, Nicolas},
title = {Approximate {B}ayesian inference for latent {G}aussian models by using integrated nested Laplace approximations},
journal = {Journal of the Royal Statistical Society, Series B},
volume = {71},
pages = {319--392},
year = {2009}
}

@article{giorgi2016,
author={Giorgi, E. and Diggle, P. J.},
title={PrevMap: an {R} package for prevalence mapping},
year=2016,
journal={Journal of Statistical Software},
note={To appear}
}


@article{gotway1997,
    title = {A Generalized Linear Model Approach to Spatial Data Analysis and Prediction},
    author = {Gotway, C. A. and Stroup, W. W.},
    journal = {Journal of Agricultural, Biological, and Environmental Statistics},
    volume = {2},
    pages = {157--178},
    year = {1997}}

@article{krige1951,
author={Krige, D. G.},
title={A statistical approach to some basiv mine valuation problems on the Witwatersrand},
journal={Journal of the Chemical, Metallurgical and Mining Society of South Africa},
volume={52},
pages={119-139},
year={1951}
}

@article{higdon1998,
	Author = {Higdon, D.},
	Journal = {Environmental and Ecological Statistics},
	Pages = {173-190},
	Title = {A process-convolution approach to modeling temperatures in the {N}orth {A}tlantic {O}cean},
	Volume = {5},
	Year = {1998}}

@incollection{higdon2002, 
   Author={Higdon, D.},
   Title={Space and space-time modeling using process convolutions},
   Booktitle = {Quantitative methods for current environmental issues},
   editor={C. W. Anderson and V. Barnett and P. C. Chatwin and A. H. El-Shaarawi},
   pages={37-56},
   publisher={Springer-Verlag, New York},
   Year={2002}}

@incollection{wakefield2010, 
   Author={Wakefield, J. AND Lyons, H.},
   Title={Spatial aggregation and the ecological fallacy},
   Booktitle = {Handbook of Spatial Statistics},
   editor={A. E. Gelfand and P. J. Diggle and P. Guttorp and M. Fuentes},
   pages={541-558},
   publisher={Chapman \& Hall/CRC handbooks of modern statistical methods.},
   Year={2010}}
   
@article{diggle2007,
	title = {Spatial modelling and the prediction of Loa loa risk: decision making under uncertainty},
	volume = {101},
	journal = {Annals of Tropical Medicine and Parasitology},
	author = {Diggle, P.J. and Thomson, M.C. and Christensen, O.F. and Rowlingson, B. and Obsomer, V. and Gardon, J. and Wanji, S. and Takougang, I. and Enyong, P. and Kamgno, J. and Remme, J.H. and Boussinesq, M. and Molyneux, D.H.},
	year = {2007},
	pages = {499--509}}   		

@article{thomson2004,
AUTHOR = {Thomson, Madeleine and Obsomer, Valerie and Kamgno, Joseph and Gardon, Jacques and Wanji, Samuel and Takougang, Innocent and Enyong, Peter and Remme, Jan and Molyneux, David and Boussinesq, Michel},
TITLE = {Mapping the distribution of {L}oa loa in {C}ameroon in support of the {A}frican {P}rogramme for {O}nchocerciasis {C}ontrol},
JOURNAL = {Filaria Journal},
VOLUME = {3},
YEAR = {2004},
NUMBER = {1},
PAGES = {7},
note = {DOI:10.1186/1475-2883-3-7},
}

@article{who2012,
author={WHO},
journal={Weekly epidemiological record},
title={{A}frican {P}rogramme for {O}nchocerciasis {C}ontrol: meeting of national onchocerciasis task forces},
year=2012,
volume=87,
pages={493-508}
}

@article{giorgi2015,
author={Giorgi, E. and Sesay, S. S. S. and Terlouw, D. J. and Diggle, P. J.},
journal={Journal of the Royal Statistical Society, Series A},
title={Combining data from multiple spatially referenced prevalence surveys using generalized linear geostatistical models},
volume = {178},
pages={445-464},
year={2015}}

@article{liang1986,
author={Liang, K. and Zeger, S. L.},
title={Longitudinal Data Analysis Using generalized linear models},
journal={Biometrika},
volume={73},
pages={13-22},
year={1986}}

@book{diggle2013a,
author={Diggle, P. J.},
title={Statistical Analysis of Spatial and Spatio-Temporal Point Patterns},
publisher={Chapman and Hall/CRC},
edition={third},
year=2013
}

@book{chiles2012,
author={Chil\'es, J.-P. and Delfiner, P.},
title={Geostatistics: Modelling Spatial Uncertainty},
publisher={Wiley, New York},
edition={Second},
year=2012
}

@book{cressie1993,
author={Cressie, N.},
title={Statistics for spatial data},
publisher={Wiley, New York},
year=1993
}

@article{matheron1963,
	Author = {Math\'eron, G.},
	Journal = {Economic Geology},
	Pages = {1246-1266},
	Title = {Principles of geostatistics},
	Volume = {58},
	Year = {1963}}

@article{lu2004,
	Author = {Lu, G. and Copas, J. B.},
	Journal = {Annals of Statistics},
	Pages = {754-765},
	Title = {MISSING AT RANDOM, LIKELIHOOD IGNORABILITY AND MODEL COMPLETENESS},
	Volume = {32},
	Year = {2004}}
	

@article{vyas2006,
	Author = {Vyas, S. and Kumuranayake, L.},
	Date-Added = {2013-05-06 09:04:59 +0000},
	Date-Modified = {2013-05-06 09:07:19 +0000},
	Journal = {Health Policy Plan},
	Pages = {459-468},
	Title = {Constructing socio-economic status indices: how to use principal component analysis},
	Volume = {21},
	Year = {2006}}

@article{dubnicka2009,
	Author = {Dubnicka, S. R.},
	Journal = {Australian and New Zealand Journal of Statistics},
	Pages = {247-270},
	Title = {KERNEL DENSITY ESTIMATION WITH MISSING DATA AND AUXILIARY VARIABLES},
	Volume = {51},
	Year = {2009}}

@article{wasser2004,
	Author = {Wasser, S. K. and Shedlock, A. M. and Comstock, K. E. and Ostrander, E. A. and Mutayoba, B.},
	Journal = {Proceedings of the National Academy of Science (USA)},
	Pages = {14847-14852},
	Title = {Assigning {A}frican elephant {D}{N}{A} to geographic region of origin: applications to the ivory trade},
	Volume = {101},
	Year = {2004}}
		
	
@article{roca2012,
	Author = {Roca-Feltrer, A. and Lalloo, D. and Phiri, K. and Terlouw, D. J.},
	Journal = {American Journal of Tropical Medicine and Hygiene},
	Pages = {96-98},
	Title = {\uppercase{R}olling \uppercase{M}alaria \uppercase{I}ndicator \uppercase{S}urveys (r\uppercase{MIS}): a potential district-level malaria monitoring and evaluation (\uppercase{M}\&\uppercase{E}) tool for programme managers},
	Volume = {86},
	Year = {2012}}

@article{zhang2004,
	Author = {Zhang, H.},
	Date-Added = {2013-04-12 09:51:00 +0000},
	Date-Modified = {2013-04-12 09:52:15 +0000},
	Journal = {Journal of the American Statistical Association},
	Pages = {250-261},
	Title = {Inconsistent estimation and asymptotically equal interpolations in model-based geostatistics},
	Volume = {99},
	Year = {2004}}

@article{geyer1994,
    author = {Geyer, C. J.},
    title = {On the Convergence of {M}onte {C}arlo Maximum Likelihood Calculations},
    journal = {Journal of the Royal Statistical Society, Series B},
    year = {1994},
    volume = {56},
    pages = {261--274}
}

@article{geyer1992,
    author = {Geyer, C. J. and Thompson, E. A.},
    title = {Constrained {M}onte {C}arlo Maximum Likelihood for Dependent Data},
    journal = {Journal of the Royal Statistical Society, Series B},
    year = {1992},
    volume = {54},
    pages = {657--699}
}

@incollection{geyer1996,
    author = {Geyer, C. J.},
    year=1996,
    booktitle = {{M}arkov Chain {M}onte {C}arlo in Practice},
    title = {Estimation and Optimization of Functions},   
    publisher = {London: Chapman and Hall},
    pages = {241-â€“258},
    editor = {W. Gilks and S. Richardson and D. Spiegelhalter}
}

@article{rocafeltrer2012,
   author= {Roca-Feltrer, A. and Lalloo, D. J. and Phiri, K. and Terlouw, D. J.},
   title={Rolling Malaria Indicator Surveys (r{M}{I}{S}): A Potential District-Level Malaria Monitoring and Evaluation ({M} \& {E}) Tool for Program Managers},
   journal={American Journal of Tropical Medicine and Hygiene},
   year=2012,
   volume=86,
   pages={96--98}
}

@incollection{gneiting2010,
   author = {Gneiting, T. and Guttorp, P.},
   year=2010,
   booktitle={Handbook of Spatial Statistics},
   title={Continuous parameter spatio-temporal processes},
   pages={427--436},
   editor={A. E. Gelfand and P. J. Diggle and M. Fuentes and P. Guttorp},
   publisher={Boca Raton: Chapman and
Hall/CRC Press}
}
@incollection{geyer1999,
    author = {Geyer, C. J.},
    year=1999,
    booktitle = {Stochastic Geometry, Likelihood and Computation},
    title = {Likelihood Inference for Spatial Point Processes},   
    publisher = {Boca Raton, FL: Chapman
and Hall/CRC},
    pages = {79-â€“140},
    editor = {O. E. Barndorff-Nielsen and W. S.Kendall and M. N. M. van Lieshout}
}

@article{cocchi2007,
	Author = {Cocchi, D. and Greco, F. and Trivisano, C.},
	Date-Added = {2013-02-20 10:05:20 +0000},
	Date-Modified = {2013-02-20 10:18:40 +0000},
	Journal = {Atmospheric Environment},
	Pages = {532-542},
	Title = {Hierarchical space-time modelling of $\text{PM}_{10}$ pollution},
	Volume = {41},
	Year = {2007}}

@article{crainiceanu2008,
	Author = {Crainiceanu, C. and Diggle, P.J. and Rowlingson, B.S.},
	Journal = {Journal of the American Statistical Association},
	Pages = {21-43},
	Title = {Bivariate modelling and prediction of spatial variation in {\emph{ \uppercase{L}oa loa}} prevalence in tropical {A}frica (with Discussion)},
	Volume = {103},
	Year = {2008}}

@article{camel2011,
	Author = {Cameletti, M. and Ignaccolo, R. and Blande, S.},
	Date-Added = {2013-02-20 10:02:24 +0000},
	Date-Modified = {2013-02-20 10:05:19 +0000},
	Journal = {Environmetrics},
	Pages = {985-996},
	Title = {Comparing spatio-temporal models for particulate matter in Piemonte},
	Volume = {25},
	Year = {2011}}

@article{waag2002,
	Author = {Christensen, O. F. and Waagepetersen, R. P.},
	Date-Added = {2013-02-19 17:15:41 +0000},
	Date-Modified = {2013-02-19 17:17:25 +0000},
	Journal = {Biometrics},
	Pages = {280-286},
	Title = {Bayesian Prediction of Spatial Count Data Using Generalized Linear Mixed Models},
	Volume = {58},
	Year = {2002}}

@article{hedt2011,
	Author = {Hedt, B. L. and Pagano, M.},
	Date-Added = {2013-01-25 09:02:47 +0000},
	Date-Modified = {2013-01-25 09:05:25 +0000},
	Journal = {Statistics in Medicine},
	Pages = {560-568},
	Title = {Health indicators: Eliminating bias from convenience sampling estimator},
	Volume = {30},
	Year = {2011}}

@article{em2002,
	Author = {Zhang, H.},
	Date-Added = {2013-01-21 12:37:32 +0000},
	Date-Modified = {2013-01-21 12:39:06 +0000},
	Journal = {Biometrics},
	Pages = {129-136},
	Title = {On Estimation and Prediction for Spatial Generalized Linear Mixed Models},
	Volume = {58},
	Year = {2002}}

@article{mcmc2006,
	Author = {Christensen, O. F. and Roberts, G. O. and Sk{\"o}ld, M.},
	Date-Added = {2013-01-21 09:45:46 +0000},
	Date-Modified = {2013-01-21 09:48:07 +0000},
	Journal = {Journal of Computational and Graphical Statistics},
	Pages = {1-17},
	Title = {Robust {M}arkov Chain {M}onte {C}arlo methods for Spatial Generalized Linear Mixed Models},
	Volume = {15},
	Year = {2006}}	

@Article{gahutu2011,
AUTHOR = {Gahutu, Jean-Bosco and Steininger, Christian and Shyirambere, Cyprien and Zeile, Irene and Cwinya-Ay, Neniling and Danquah, Ina and Larsen, Christoph and Eggelte, Teunis and Uwimana, Aline and Karema, Corine and Musemakweri, Andre and Harms, Gundel and Mockenhaupt, Frank},
TITLE = {Prevalence and risk factors of malaria among children in southern highland {R}wanda},
JOURNAL = {Malaria Journal},
VOLUME = {10},
YEAR = {2011},
NUMBER = {1},
PAGES = {134},
DOI = {10.1186/1475-2875-10-134},
}
	

@article{christensen2004,
	Author = {Christensen, O. F.},
	Date-Added = {2013-01-21 09:27:08 +0000},
	Date-Modified = {2013-01-21 09:48:22 +0000},
	Journal = {Journal of Computational and Graphical Statistics},
	Pages = {702-718},
	Title = {{M}onte {C}arlo Maximum Likelihood in Model-Based Geostatistics},
	Volume = {3},
	Year = {2004}}

@conference{ruhling1994,
	Author = {Ruhling, A.},
	Date-Added = {2012-12-09 15:22:35 +0000},
	Date-Modified = {2012-12-10 09:50:38 +0000},
	Title = {Atmospheric Heavy Metal Deposition in Europe: Estimation Based on Moss Analysis. {N}ordic {C}ouncil of {M}inisters, {H}elsinki.},
	Year = {1994}}

@article{diggle2010,
	Author = {Diggle, P. J. and Menezes, R. and Su, T.},
	Date-Added = {2012-12-09 13:54:11 +0000},
	Date-Modified = {2012-12-11 16:11:04 +0000},
	Journal = {Journal of the Royal Statistical Society, Series C},
	Pages = {191-232},
	Title = {Geostatistical inference under preferential sampling},
	Volume = {59},
	Year = {2010}}

@article {diggle2002,
   author = {Diggle, P. J. and Moyeed, Rana and Rowlingson, Barry and Thomson, Madeleine},
   title = {Childhood malaria in the {G}ambia: a case-study in model-based geostatistics},
   journal = {Journal of the Royal Statistical Society, Series C},
   volume = {51},
   pages = {493-506},
   year = {2002}}

@article{gemperli2004,
author = {Gemperli, A. and Vounatsou, P. and Kleinschmidt, I. and Bagayoko, M. and Lengeler, C. and Smith, T.}, 
title = {Spatial Patterns of Infant Mortality in {M}ali: The Effect of Malaria Endemicity},
volume = {159}, 
pages = {64-72}, 
year = {2004}, 
journal = {American Journal of Epidemiology} 
}   

@article{gething2012,
    author = {Gething, , Peter W. AND Elyazar, , Iqbal R. F. AND Moyes, , Catherine L. AND Smith, , David L. AND Battle, , Katherine E. AND Guerra, , Carlos A. AND Patil, , Anand P. AND Tatem, , Andrew J. AND Howes, , Rosalind E. AND Myers, , Monica F. AND George, , Dylan B. AND Horby, , Peter AND Wertheim, , Heiman F. L. AND Price, , Ric N. AND MÃ¼eller, , Ivo AND Baird, , J. Kevin AND Hay, , Simon I.},
    journal = {PLoS Neglected Tropical Diseases},
    title = {A Long Neglected World Malaria Map: {\it {P}lasmodium vivax} Endemicity in 2010},
    year = {2012},
    volume = {6},
    pages = {e1814},
    doi = {10.1371/journal.pntd.0001814}
}        

@article{hay2009,
    author = {Hay, Simon I AND Guerra, Carlos A AND Gething, Peter W AND Patil, Anand P AND Tatem, Andrew J AND Noor, Abdisalan M AND Kabaria, Caroline W AND Manh, Bui H AND Elyazar, Iqbal R. F AND Brooker, Simon AND Smith, David L AND Moyeed, Rana A AND Snow, Robert W},
    journal = {PLoS Medicine},
    title = {A World Malaria Map: {\it {P}lasmodium falciparum} Endemicity in 2007},
    year = {2009},
    month = {03},
    volume = {6},
    pages = {e1000048},   
    doi = {10.1371/journal.pmed.1000048}
}        

@article{raso2005,
author = {Raso,G. and Matthys, B. and N'goran, E. K. and Tanner,bM. and Vounatsou, P. and Utzinger, J.},
title = {Spatial risk prediction and mapping of Schistosoma mansoni infections among schoolchildren living in western {C}\^ote d'{I}voire},
journal = {Parasitology},
volume = {131},
year = {2005},
pages = {97-108},
doi = {10.1017/S0031182005007432},
}

@article{zoure2014,
year={2014},
journal={Parasites \& Vectors},
volume={7},
doi={10.1186/1756-3305-7-326},
title={The geographic distribution of onchocerciasis in the 20 participating countries of the African Programme for Onchocerciasis Control: (2) pre-control endemicity levels and estimated number infected},
doi={10.1186/1756-3305-7-326},
author={Zour\'e, Honorat, G. M. and Noma, Mounkaila and Tekle, Afework, H. and Amazigo, Uche V. and Diggle, Peter J. and Giorgi, Emanuele and Remme, Jan H. F.},
}

@article{pullan2011,
    author = {Pullan, Rachel L. AND Gething, Peter W. AND Smith, Jennifer L. AND Mwandawiro, Charles S. AND Sturrock, Hugh J. W. AND Gitonga, Caroline W. AND Hay, Simon I. AND Brooker, Simon},
    journal = {PLoS Neglected Tropical Diseases},
    title = {Spatial Modelling of Soil-Transmitted Helminth Infections in {K}enya: A Disease Control Planning Tool},
    year = {2011},
    volume = {5},
    pages = {e958},
    doi = {10.1371/journal.pntd.0000958}
}        


@article{kleinschmidt2007,
	Author = {Kleinschmidt, Immo and Pettifor, Audrey and Morris, Natashia and MacPhail, Catherine and Rees, Helen},
	Journal = {The American journal of tropical medicine and hygiene},
	Pages = {1163-1169},
	Title = {Geographic Distribution of Human Immunodeficiency Virus in {S}outh {A}frica},
	Volume = {77},
	Year = {2007}}
	
@article{kleinschmidt2001,
author = {Kleinschmidt, I. and Sharp, B. L. and Clarke, G. P. Y. and Curtis, B. and Fraser, C.}, 
title = {Use of Generalized Linear Mixed Models in the Spatial Analysis of Small-Area Malaria Incidence Rates in {K}wazulu {N}atal, {S}outh {A}frica},
volume = {153}, 
pages = {1213-1221}, 
year = {2001}, 
journal = {American Journal of Epidemiology} 
}
@article{magalhaes2011,
    author = {Soares Magalhaes, Ricardo J. AND Clements, Archie C. A.},
    journal = {PLoS Medicine},
    publisher = {Public Library of Science},
    title = {Mapping the Risk of Anaemia in Preschool-Age Children: The Contribution of Malnutrition, Malaria, and Helminth Infections in {W}est {A}frica},
    year = {2011},
    volume = {8},
    pages = {e1000438},
    doi = {10.1371/journal.pmed.1000438}
}        


   
@article{lucy2002,
    Author={Lucy, D. and Aykroyd, R.G. and Pollard, A.M.},
    Title= {Non-parametric calibration for age estimation},
    Journal={Applied Statistics},
    Year={2002},
    Volume={51},
    Pages={183-196}
}	


@book{matern1986,
	Author = {Mat\'ern, B.},
	Date-Added = {2012-12-05 17:13:28 +0000},
	Date-Modified = {2012-12-05 17:19:44 +0000},
	Edition = {Second},
	Publisher = {Springer, Berlin},
	Title = {Spatial Variation},
	Year = {1986}}

@article{nonident1997,
	Author = {Neath, A. A. and Samaniego, F. J.},
	Date-Added = {2012-12-04 10:57:56 +0000},
	Date-Modified = {2012-12-04 10:59:55 +0000},
	Journal = {The American Statistician},
	Pages = {225-232},
	Title = {On the efficacy of {B}ayesian inference for nonidentifiable models},
	Volume = {51},
	Year = {1997}}

@book{GLM1989,
	Author = {McCullagh, P. and Nelder, J.A.},
	Publisher = {Chapman and Hall, London},
	Title = {Generalized Linear Models},
	Year = {1989},
	Edition = {Second}}

@book{diggle2007book,
	Author = {Diggle, P. J. and Ribeiro, P. J.},
	Date-Added = {2012-11-18 10:58:59 +0000},
	Date-Modified = {2012-11-18 11:02:28 +0000},
	Publisher = {Springer Science+Business Media, New York},
	Title = {Model-based geostatistics},
	Year = {2007}}

@article{diggle2013b,
author = {Diggle, P. J. and Moraga, P. and Rowlingson, B. and Taylor, B. M.},
journal = {Statistical Science},
pages = {542--563},
title = {Spatial and Spatio-Temporal Log-{G}aussian {C}ox Processes: Extending the Geostatistical Paradigm},
volume = {28},
year = {2013}}

@article{cox1955,
author = {Cox, D. R.},
journal = {Journal of the Royal Statistical Society, Series B},
pages = {129--164},
title = {Some Statistical Methods Connected with Series of Events},
volume = {17},
year = {1955}}
	

@article{diggle1998,
	Author = {Diggle, P. J. and Tawn, J. A. and Moyeed, R. A.},
	Date-Added = {2012-11-14 17:10:12 +0000},
	Date-Modified = {2012-11-14 17:13:54 +0000},
	Journal = {Applied Statistics},
	Pages = {299-350},
	Title = {Model-based geostatistics (with discussion)},
	Volume = {47},
	Year = {1998}}



@article{raghu2007,
	Author = {Raghunathan, T. E. and Xie, D. and Schenker, N. and Parsons, V. L.},
	Date-Added = {2012-11-14 16:06:57 +0000},
	Date-Modified = {2012-11-14 16:11:08 +0000},
	Journal = {Journal of the American Statistical Association},
	Pages = {474-486},
	Title = {Combining information from two surveys to estimate county-level prevalence rates of cancer risk factors and screening},
	Volume = {102},
	Year = {2007}}

@article{best2003,
	Author = {Spiegelhalter, D. J. and Best, N. G.},
	Date-Added = {2012-11-14 13:38:10 +0000},
	Date-Modified = {2012-11-14 13:41:12 +0000},
	Journal = {Statistics in Medicine},
	Number = {3687-3709},
	Title = {{B}ayesian approaches to multiple sources of evidence and uncertainty in complex-cost effectiveness modelling},
	Volume = {22},
	Year = {2003}}

@article{statmatch2001,
	Author = {Moriarity, C. and Scheuren, F.},
	Date-Added = {2012-11-14 13:19:46 +0000},
	Date-Modified = {2012-11-14 13:22:31 +0000},
	Journal = {Journal of Official Statistics},
	Pages = {407-422},
	Title = {Statistical Matching: A Paradigm for Assesing the Uncertainty in the Procedure},
	Volume = {17},
	Year = {2001}}

@article{cancer2005,
	Author = {Elliot, M. R. and Davis, W. W.},
	Date-Added = {2012-11-14 13:15:19 +0000},
	Date-Modified = {2012-12-11 16:11:26 +0000},
	Journal = {Journal of the Royal Statistical Society, Series C},
	Pages = {595-609},
	Title = {Obtaning Risk Factor Prevalence Estimates in Small Areas: combining Data From Two Surveys},
	Volume = {54},
	Year = {2005}}

@article{multframe2006,
	Author = {Lohr, S. L. and Rao, J. N. K.},
	Date-Added = {2012-11-14 13:12:09 +0000},
	Date-Modified = {2012-11-14 16:07:42 +0000},
	Journal = {Journal of the American Statistical Association},
	Pages = {1019-1030},
	Title = {Estimation in Multiple-Frame Surveys},
	Volume = {101},
	Year = {2006}}

@article{biasmod2009,
	Author = {Turner, R. M. and Spiegelhalter, D. J. and Smith, G. C. S. and Thompson, S. G.},
	Date-Added = {2012-11-13 13:11:19 +0000},
	Date-Modified = {2012-12-11 16:10:50 +0000},
	Journal = {Journal of the Royal Statistical Society, Series A},
	Pages = {21-47},
	Title = {Bias modelling in evidence synthesis},
	Volume = {172},
	Year = {2009}}

@article{combsurv2011,
	Author = {Manzi, G. and Spiegelhalter, D. J. and Turner, R. M. and Flowers, J. and Thompson, S. G.},
	Date-Added = {2012-11-13 11:35:20 +0000},
	Date-Modified = {2012-12-11 16:11:18 +0000},
	Journal = {Journal of the Royal Statistical Society, Series A},
	Pages = {31-50},
	Title = {Modelling bias in combining small area prevalence estimates from multiple sruveys},
	Volume = {174},
	Year = {2011}}

@manual{rsoftware,
	Address = {Vienna, Austria},
	Author = {{R Core Team}},
	Note = {{ISBN} 3-900051-07-0},
	Organization = {R Foundation for Statistical Computing},
	Title = {R: A Language and Environment for Statistical Computing},
	Url = {http://www.R-project.org/},
	Year = {2012},
	Bdsk-Url-1 = {http://www.R-project.org/}}

@article{wanji2012,
	Author = {Wanji, S. and Akotshi, D.O. and Kankou, J.M. and Nigo, M. and Tepage, F. and Ukety, T. and Diggle, P.J. and Remme, J.H.},
	Journal = {Parasites and Vectors},
	Pages = {25 {\tt doi:10.1186/1756-3305-5-25}},
	Title = {The validation of the rapid assessment procedures for loiasis ({RAPLOA}) in the {D}emocratic {R}epublic of {C}ongo: health policy implications},
	Volume = {5},
	Year = {2012}}
